@article{Lowe2004,
  title={Distinctive image features from scale-invariant keypoints},
  author={Lowe, David G},
  journal={International Journal of Computer Vision (IJCV)},
  volume={60},
  number={2},
  pages={91--110},
  year={2004},
  publisher={Springer}
}

@book{Forstner2016,
  title={Photogrammetric Computer Vision},
  author={FÃ¶rstner, Wolfgang and Wrobel, Bernhard P},
  year={2016},
  publisher={Springer}
}

@article{Zamir2016,
  title={Large-scale visual geo-localization},
  author={Zamir, Amir Roshan and Hakeem, Asaad and Van Gool, Luc and Shah, Mubarak and Szeliski, Richard},
  journal={Advances in computer vision and pattern recognition},
  year={2016},
  publisher={Springer}
}

@inproceedings{Harris1988,
  title={A combined corner and edge detector.},
  author={Harris, Chris and Stephens, Mike},
  booktitle={Alvey vision conference},
  volume={15},
  pages={50},
  year={1988},
  organization={Citeseer}
}

@inproceedings{Zitnick2014,
  title={Edge boxes: Locating object proposals from edges},
  author={Zitnick, C Lawrence and Doll{\'a}r, Piotr},
  booktitle={Proceedings of the IEEE European Conference on Computer Vision (ECCV)},
  pages={391--405},
  year={2014},
  organization={Springer}
}

@book{Hartley2003,
  title={Multiple view geometry in computer vision},
  author={Hartley, Richard and Zisserman, Andrew},
  year={2003},
  publisher={Cambridge university press}
}

@article{Maddern2016,
  title={1 year, 1000 km: The Oxford RobotCar dataset},
  author={Maddern, Will and Pascoe, Geoffrey and Linegar, Chris and Newman, Paul},
  journal={The International Journal of Robotics Research},
  pages={0278364916679498},
  year={2016},
  publisher={SAGE Publications}
}

@inproceedings{Krizhevsky2012,
  title={Imagenet classification with deep convolutional neural networks},
  author={Krizhevsky, Alex and Sutskever, Ilya and Hinton, Geoffrey E},
  booktitle={Annual Conference on Neural Information Processing Systems (NIPS)},
  pages={1097--1105},
  year={2012}
}

@inproceedings{Deng2009,
  title={Imagenet: A large-scale hierarchical image database},
  author={Deng, Jia and Dong, Wei and Socher, Richard and Li, Li-Jia and Li, Kai and Fei-Fei, Li},
  booktitle={Proceedings of the IEEE Conference on Computer Vision and Pattern Recognition (CVPR)},
  pages={248--255},
  year={2009},
  organization={IEEE}
}

@article{Fischler1981,
  title={Random sample consensus: a paradigm for model fitting with applications to image analysis and automated cartography},
  author={Fischler, Martin A and Bolles, Robert C},
  journal={Communications of the ACM},
  volume={24},
  number={6},
  pages={381--395},
  year={1981},
  publisher={ACM}
}

@inproceedings{Jegou2008,
  title={Hamming embedding and weak geometry consistency for large scale image search-extended version},
  author={J{\'e}gou, Herv{\'e} and Douze, Matthijs and Schmid, Cordelia},
  booktitle={Proceedings of the IEEE European Conference on Computer Vision (ECCV)},
  year={2008}
}

@InProceedings{Philbin2008,
   author={Philbin, J. and Chum, O. and Isard, M. and Sivic, J. and Zisserman, A.}, 
   title={Lost in Quantization: {I}mproving Particular Object Retrieval in Large Scale Image Databases}, 
   booktitle={Proceedings of the IEEE Conference on Computer Vision and Pattern Recognition (CVPR)}, 
   year={2008}
} 

@inproceedings{Ren2015,
  title={Faster R-CNN: Towards real-time object detection with region proposal networks},
  author={Ren, Shaoqing and He, Kaiming and Girshick, Ross and Sun, Jian},
  booktitle={Annual Conference on Neural Information Processing Systems (NIPS)},
  pages={91--99},
  year={2015}
}

@inproceedings{Wu2013,
  title={Towards linear-time incremental structure from motion},
  author={Wu, Changchang},
  booktitle={International Conference on 3D Vision (3DV)},
  pages={127--134},
  year={2013},
  organization={IEEE}
}

@inproceedings{Chum2005,
  title={Matching with PROSAC-progressive sample consensus},
  author={Chum, Ondrej and Matas, Jiri},
  booktitle={Proceedings of the IEEE Conference on Computer Vision and Pattern Recognition (CVPR)},
  volume={1},
  pages={220--226},
  year={2005},
  organization={IEEE}
}

@article{Nister2004,
  title={An efficient solution to the five-point relative pose problem},
  author={Nist{\'e}r, David},
  journal={IEEE Transactions on Pattern Analysis and Machine Intelligence (PAMI)},
  volume={26},
  number={6},
  pages={756--770},
  year={2004},
  publisher={IEEE}
}

@inproceedings{Kneip2011,
  title={A novel parametrization of the perspective-three-point problem for a direct computation of absolute camera position and orientation},
  author={Kneip, Laurent and Scaramuzza, Davide and Siegwart, Roland},
  booktitle={Proceedings of the IEEE Conference on Computer Vision and Pattern Recognition (CVPR)},
  pages={2969--2976},
  year={2011},
  organization={IEEE}
}

@inproceedings{Moulon2012,
  title={Adaptive structure from motion with a contrario model estimation},
  author={Moulon, Pierre and Monasse, Pascal and Marlet, Renaud},
  booktitle={Proceedings of the Asian Conference on Computer Vision (ACCV)},
  pages={257--270},
  year={2012},
  organization={Springer}
}

@inproceedings{Krajnk2015,
	Author = {Tom{\'a}{\v s} Krajn{\'\i}k and Jaime Pulido Fentanes and Joao Santos and Keerthy Kusumam and Tom Duckett},
	Booktitle = {ICRA Workshop on Visual Localization in Changing Environments},
	Date-Modified = {2015-05-29 16:51:22 +0000},
	Note = {in review},
	Title = {FreMEn: Frequency Map Enhancement for Long-Term Mobile Robot Autonomy in Changing Environments},
	Year = {2015}
}

@article{Morel2009,
  title={ASIFT: A new framework for fully affine invariant image comparison},
  author={Morel, Jean-Michel and Yu, Guoshen},
  journal={SIAM Journal on Imaging Sciences},
  volume={2},
  number={2},
  pages={438--469},
  year={2009},
  publisher={SIAM}
}
	
@article{Morago2015,
  title={An Ensemble Approach to Image Matching Using Contextual Features},
  author={Morago, Brittany and Bui, Giang and Duan, Ye},
  journal={IEEE Transactions on Image Processing (ToIP)},
  volume={24},
  number={11},
  pages={4474--4487},
  year={2015},
  publisher={IEEE}
}

@inproceedings{Lezama2014,
  title={Finding vanishing points via point alignments in image primal and dual domains},
  author={Lezama, Jos{\'e} and Grompone von Gioi, Rafael and Randall, Gregory and Morel, Jean-Michel},
  booktitle={Proceedings of the IEEE Conference on Computer Vision and Pattern Recognition (CVPR)},
  pages={509--515},
  year={2014}
}

@article{Hartley1997,
  title={In defense of the eight-point algorithm},
  author={Hartley, Richard I},
  journal={IEEE Transactions on Pattern Analysis and Machine Intelligence (PAMI)},
  volume={19},
  number={6},
  pages={580--593},
  year={1997},
  publisher={IEEE}
}

@article{Shao2003,
  title={Zubud-zurich buildings database for image based recognition},
  author={Shao, Hao and Svoboda, Tom{\'a}{\v{s}} and Van Gool, Luc},
  journal={Computer Vision Lab, Swiss Federal Institute of Technology, Switzerland, Tech. Rep},
  volume={260},
  pages={20},
  year={2003}
}

@article{Ceylan2014,
  title={Coupled structure-from-motion and 3D symmetry detection for urban facades},
  author={Ceylan, Duygu and Mitra, Niloy J and Zheng, Youyi and Pauly, Mark},
  journal={ACM Transactions on Graphics (TOG)},
  volume={33},
  number={1},
  pages={2},
  year={2014},
  publisher={ACM}
}

@inproceedings{Hauagge2012,
  title={Image matching using local symmetry features},
  author={Hauagge, Daniel Cabrini and Snavely, Noah},
  booktitle={Proceedings of the IEEE Conference on Computer Vision and Pattern Recognition (CVPR)},
  pages={206--213},
  year={2012},
  organization={IEEE}
}

@mastersthesis{Kumar2016mastersThesis,
author = {Kumar, Devinder},
file = {:home/nathan/Documents/Mendeley Desktop/Kumar/Unknown/Kumar{\_}2016{\_}Deep Learning Based Place Recognition for Challenging Environments.pdf:pdf},
title = {{Deep Learning Based Place Recognition for Challenging Environments}},
year = {2016},
school = {University of Waterloo}
}

@mastersthesis{Walch2016mastersThesis,
author = {Walch, Florian},
file = {:home/nathan/Documents/Mendeley Desktop/Walch/Unknown/Walch{\_}2016{\_}Deep Learning for Image-Based Localization.pdf:pdf},
title = {{Deep Learning for Image-Based Localization}},
year = {2016},
school = {Technical University of Munich}
}

@mastersthesis{Azzi2015mastersThesis,
author = {Azzi, Charbel},
file = {:home/nathan/Documents/Mendeley Desktop/Azzi/Unknown/Azzi{\_}2015{\_}Efficient Image-Based Localization Using Context.pdf:pdf},
title = {{Efficient Image-Based Localization Using Context}},
year = {2015},
school = {University of Waterloo}
}

@inproceedings{Bay2006,
  title={Surf: Speeded up robust features},
  author={Bay, Herbert and Tuytelaars, Tinne and Van Gool, Luc},
  booktitle={Proceedings of the IEEE European conference on computer vision (ECCV)},
  pages={404--417},
  year={2006},
  organization={Springer}
}

@article{Matas2004,
  title={Robust wide-baseline stereo from maximally stable extremal regions},
  author={Matas, Jiri and Chum, Ondrej and Urban, Martin and Pajdla, Tom{\'a}s},
  journal={Image and vision computing},
  volume={22},
  number={10},
  pages={761--767},
  year={2004},
  publisher={Elsevier}
}

@misc{VC1962,
  title={Method and means for recognizing complex patterns},
  author={VC, Hough Paul},
  year={1962},
  month=dec # "~18",
  publisher={Google Patents},
  note={US Patent 3,069,654}
}

@inproceedings{Dalal2005,
  title={Histograms of oriented gradients for human detection},
  author={Dalal, Navneet and Triggs, Bill},
  booktitle={Proceedings of the IEEE Conference on Computer Vision and Pattern Recognition (CVPR)},
  volume={1},
  pages={886--893},
  year={2005},
  organization={IEEE}
}

@inproceedings{Saupe2001,
  title={3D model retrieval with spherical harmonics and moments},
  author={Saupe, Dietmar and Vrani{\'c}, Dejan V},
  booktitle={Joint Pattern Recognition Symposium},
  pages={392--397},
  year={2001},
  organization={Springer}
}

@inproceedings{Drost2010,
  title={Model globally, match locally: Efficient and robust 3D object recognition},
  author={Drost, Bertram and Ulrich, Markus and Navab, Nassir and Ilic, Slobodan},
  booktitle={Proceedings of the IEEE Conference on Computer Vision and Pattern Recognition (CVPR)},
  pages={998--1005},
  year={2010},
  organization={Ieee}
}

@article{Mikolajczyk2004,
  title={Scale \& affine invariant interest point detectors},
  author={Mikolajczyk, Krystian and Schmid, Cordelia},
  journal={International Journal of Computer Vision (IJCV)},
  volume={60},
  number={1},
  pages={63--86},
  year={2004},
  publisher={Springer}
}

@inproceedings {Tolias2011,
	title = {Speeded-up, Relaxed Spatial Matching},
	author = {Tolias, Giorgos and Avrithis, Yannis},
	booktitle = {Proceedings of the IEEE International Conference on Computer Vision (ICCV)},
	month = {November},
	address = {Barcelona, Spain},
	year = {2011}
}

@inproceedings{Snavely2006,
  title={Photo tourism: exploring photo collections in 3D},
  author={Snavely, Noah and Seitz, Steven M and Szeliski, Richard},
  booktitle={ACM transactions on graphics (TOG)},
  volume={25},
  number={3},
  pages={835--846},
  year={2006},
  organization={ACM}
}

@inproceedings{Liu2012,
  title={Virtual line descriptor and semi-local matching method for reliable feature correspondence},
  author={Liu, Zhe and Marlet, Renaud},
  booktitle={British Machine Vision Conference (BMVC)},
  pages={16--1},
  year={2012}
}

@article{Finlayson2006,
  title={On the removal of shadows from images},
  author={Finlayson, Graham D and Hordley, Steven D and Lu, Cheng and Drew, Mark S},
  journal={IEEE Transactions on Pattern Analysis and Machine Intelligence (PAMI)},
  volume={28},
  number={1},
  pages={59--68},
  year={2006},
  publisher={IEEE}
}

@inproceedings{Bhowmik2017,
  title={Cross-domain Image Localization by Adaptive Feature Fusion},
  author={Bhowmik, Neelanjan and Weng, Li and Gouet-Brunet, ValÃ©rie and Soheilian, Bahman},
  booktitle={Joint Urban Remote Sensing Event (JURSE)},
  pages={},
  year={2017}
}